@CONTROL{REVTEX42Control}
@CONTROL{apsrev42Control,author="08",editor="1",pages="0",title="0",year="1"}

@article{Vastola2024,
  author = {Vastola, John J.},
  title = {Generalization through variance: how noise shapes inductive biases in diffusion models},
  journal = {arXiv preprint arXiv:2504.12532},
  year = {2024},
  url = {https://arxiv.org/abs/2504.12532}
}

@article{Hirono2024,
  author = {Hirono, Yuji and Tanaka, Akinori and Fukushima, Kenji},
  title = {Understanding Diffusion Models by Feynman's Path Integral},
  journal = {arXiv preprint arXiv:2403.11262},
  year = {2024},
  url = {https://arxiv.org/abs/2403.11262},
  note = {Published in Proceedings of the 41st International Conference on Machine Learning, PMLR 235:18324--18351}
}